@book{drew2006theory,
  title={Theory of multicomponent fluids},
  author={Drew, Donald A and Passman, Stephen L},
  volume={135},
  year={2006},
  publisher={Springer Science \& Business Media}
}

@article{crozier1992flotation,
  title={Flotation: theory, reagents and ore testing},
  author={Crozier, Ronald D},
  year={1992}
}

@book{ives2012scientific,
  title={The scientific basis of flotation},
  author={Ives, Kenneth James},
  volume={75},
  year={2012},
  publisher={Springer Science \& Business Media}
}

@article{giovangigli2012multicomponent,
  title={Multicomponent flow modeling},
  author={Giovangigli, Vincent},
  journal={Science China Mathematics},
  volume={55},
  pages={285--308},
  year={2012},
  publisher={Springer}
}

@article{hirt1981volume,
  title={Volume of fluid (VOF) method for the dynamics of free boundaries},
  author={Hirt, Cyril W and Nichols, Billy D},
  journal={Journal of computational physics},
  volume={39},
  number={1},
  pages={201--225},
  year={1981},
  publisher={Elsevier}
}

@article{tryggvason2001front,
  title={A front-tracking method for the computations of multiphase flow},
  author={Tryggvason, Gr{\'e}tar and Bunner, Bernard and Esmaeeli, Asghar and Juric, Damir and Al-Rawahi, N and Tauber, W and Han, J and Nas, S and Jan, Y-J},
  journal={Journal of computational physics},
  volume={169},
  number={2},
  pages={708--759},
  year={2001},
  publisher={Elsevier}
}

@article{anderson1998diffuse,
  title={Diffuse-interface methods in fluid mechanics},
  author={Anderson, Daniel M and McFadden, Geoffrey B and Wheeler, Adam A},
  journal={Annual review of fluid mechanics},
  volume={30},
  number={1},
  pages={139--165},
  year={1998},
  publisher={Annual Reviews 4139 El Camino Way, PO Box 10139, Palo Alto, CA 94303-0139, USA}
}

@article{he1997theory,
  title={Theory of the lattice Boltzmann method: From the Boltzmann equation to the lattice Boltzmann equation},
  author={He, Xiaoyi and Luo, Li-Shi},
  journal={Physical review E},
  volume={56},
  number={6},
  pages={6811},
  year={1997},
  publisher={APS}
}

@article{kruger2017lattice,
  title={The lattice Boltzmann method},
  author={Kr{\"u}ger, Timm and Kusumaatmaja, Halim and Kuzmin, Alexandr and Shardt, Orest and Silva, Goncalo and Viggen, Erlend Magnus},
  journal={Springer International Publishing},
  volume={10},
  number={978-3},
  pages={4--15},
  year={2017},
  publisher={Springer}
}

@article{xia2020role,
  title={Role of molecular simulation in understanding the mechanism of low-rank coal flotation: A review},
  author={Xia, Yangchao and Zhang, Rui and Cao, Yijun and Xing, Yaowen and Gui, Xiahui},
  journal={Fuel},
  volume={262},
  pages={116535},
  year={2020},
  publisher={Elsevier}
}

@article{foucaud2019review,
  title={A review of atomistic simulation methods for surface physical-chemistry phenomena applied to froth flotation},
  author={Foucaud, Y and Badawi, Michael and Filippov, L and Filippova, I and Leb{\`e}gue, S},
  journal={Minerals Engineering},
  volume={143},
  pages={106020},
  year={2019},
  publisher={Elsevier}
}

@article{abdalla2018prediction,
  title={Prediction of hydrophobic reagent for flotation process using molecular modeling},
  author={Abdalla, Mohamed AM and Peng, Huiqing and Wu, Di and Abusin, Lenna and Mbah, Tawum J},
  journal={ACS omega},
  volume={3},
  number={6},
  pages={6483--6496},
  year={2018},
  publisher={ACS Publications}
}

@article{ghorbanpour2020numerical,
  title={Numerical simulation of dissolved air flotation using a lattice Boltzmann method},
  author={Ghorbanpour-Arani, Amirabbas and Rahimian, Mohammad-Hassan and Haghani-Hassan-Abadi, Reza},
  journal={Physical Review E},
  volume={101},
  number={2},
  pages={023105},
  year={2020},
  publisher={APS}
}

@article{gunstensen1991lattice,
  title={Lattice Boltzmann model of immiscible fluids},
  author={Gunstensen, Andrew K and Rothman, Daniel H and Zaleski, St{\'e}phane and Zanetti, Gianluigi},
  journal={Physical review A},
  volume={43},
  number={8},
  pages={4320},
  year={1991},
  publisher={APS}
}

@article{shan1993lattice,
  title={Lattice Boltzmann model for simulating flows with multiple phases and components},
  author={Shan, Xiaowen and Chen, Hudong},
  journal={Physical review E},
  volume={47},
  number={3},
  pages={1815},
  year={1993},
  publisher={APS}
}

@article{swift1996lattice,
  title={Lattice Boltzmann simulations of liquid-gas and binary fluid systems},
  author={Swift, Michael R and Orlandini, Enzo and Osborn, WR and Yeomans, JM},
  journal={Physical Review E},
  volume={54},
  number={5},
  pages={5041},
  year={1996},
  publisher={APS}
}

@article{he1999lattice,
  title={A lattice Boltzmann scheme for incompressible multiphase flow and its application in simulation of Rayleigh--Taylor instability},
  author={He, Xiaoyi and Chen, Shiyi and Zhang, Raoyang},
  journal={Journal of computational physics},
  volume={152},
  number={2},
  pages={642--663},
  year={1999},
  publisher={Elsevier}
}

@article{craster2006dynamics,
  title={On the dynamics of liquid lenses},
  author={Craster, RV and Matar, OK},
  journal={Journal of colloid and interface science},
  volume={303},
  number={2},
  pages={503--516},
  year={2006},
  publisher={Elsevier}
}

@article{sharp1984overview,
  title={An overview of Rayleigh-Taylor instability},
  author={Sharp, David H},
  journal={Physica D: Nonlinear Phenomena},
  volume={12},
  number={1-3},
  pages={3--18},
  year={1984},
  publisher={North-Holland}
}

@article{wang2018bubble,
  title={Bubble dynamics and its applications},
  author={Wang, Shi-Ping and Zhang, A-Man and Liu, Yun-Long and Zhang, Shuai and Cui, Pu},
  journal={Journal of Hydrodynamics},
  volume={30},
  number={6},
  pages={975--991},
  year={2018},
  publisher={Springer}
}

@article{blackwell1993benchmark,
  title={Benchmark problem definition and summary of computational results for mixed convection over a backward facing step},
  author={Blackwell, BF and Armaly, Bassem F},
  year={1993},
  publisher={American Society of Mechanical Engineers (ASME)}
}

@article{gresho1993steady,
  title={Is the steady viscous incompressible two-dimensional flow over a backward-facing step at Re= 800 stable?},
  author={Gresho, Philip M and Gartling, David K and Torczynski, JR and Cliffe, KA and Winters, KH and Garratt, TJ and Spence, A and Goodrich, John W},
  journal={International Journal for Numerical Methods in Fluids},
  volume={17},
  number={6},
  pages={501--541},
  year={1993},
  publisher={Wiley Online Library}
}

@article{kim1985application,
  title={Application of a fractional-step method to incompressible Navier-Stokes equations},
  author={Kim, John and Moin, Parviz},
  journal={Journal of computational physics},
  volume={59},
  number={2},
  pages={308--323},
  year={1985},
  publisher={Elsevier}
}

@article{kawatra2011fundamental,
  title={Fundamental principles of froth flotation},
  author={Kawatra, S Komar and Darling, P},
  journal={SME mining engineering handbook},
  volume={2},
  pages={1517--1531},
  year={2011},
  publisher={Society for Mining, Metallurgy, and Exploration Englewood (CO), USA}
}


@article{jones1975interrelation,
  title={The interrelation between void fraction fluctuations and flow patterns in two-phase flow},
  author={Jones Jr, Owen C and Zuber, Novak},
  journal={International Journal of Multiphase Flow},
  volume={2},
  number={3},
  pages={273--306},
  year={1975},
  publisher={Elsevier}
}

@article{gupta2007lattice,
  title={Lattice Boltzmann Simulation to study single and multi bubble dynamics},
  author={Gupta, Amit},
  year={2007}
}

@article{takada2001simulation,
  title={Simulation of bubble motion under gravity by lattice Boltzmann method},
  author={Takada, Naoki and Misawa, Masaki and Tomiyama, Akio and Hosokawa, Shigeo},
  journal={Journal of nuclear science and technology},
  volume={38},
  number={5},
  pages={330--341},
  year={2001},
  publisher={Taylor \& Francis}
}

@article{chen1996boundary,
  title={On boundary conditions in lattice Boltzmann methods},
  author={Chen, Shiyi and Martinez, Daniel and Mei, Renwei},
  journal={Physics of fluids},
  volume={8},
  number={9},
  pages={2527--2536},
  year={1996},
  publisher={American Institute of Physics}
}

@article{peng2021bubble,
  title={Bubble image segmentation based on a novel watershed algorithm with an optimized mark and edge constraint},
  author={Peng, Cheng and Liu, Yikun and Gui, Weihua and Tang, Zhaohui and Chen, Qing},
  journal={IEEE Transactions on Instrumentation and Measurement},
  volume={71},
  pages={1--10},
  year={2021},
  publisher={IEEE}
}

@article{jahedsaravani2017image,
  title={An image segmentation algorithm for measurement of flotation froth bubble size distributions},
  author={Jahedsaravani, Aa and Massinaei, M and Marhaban, MH},
  journal={Measurement},
  volume={111},
  pages={29--37},
  year={2017},
  publisher={Elsevier}
}
@article{kummerlander2023openlb,
  title={OpenLB User Guide: Associated with Release 1.6 of the Code},
  author={Kummerl{\"a}nder, Adrian and Avis, Samuel J and Kusumaatmaja, Halim and Bukreev, Fedor and Crocoll, Michael and Dapelo, Davide and Gro{\ss}mann, Simon and Hafen, Nicolas and Ito, Shota and Je{\ss}berger, Julius and others},
  journal={arXiv preprint arXiv:2307.11752},
  year={2023}
}

@article{ahrens200536,
  title={36-paraview: An end-user tool for large-data visualization},
  author={Ahrens, James and Geveci, Berk and Law, Charles and Hansen, C and Johnson, C},
  journal={The visualization handbook},
  volume={717},
  pages={50038--1},
  year={2005},
  publisher={Citeseer}
}

@article{barrata2023dolfinx,
  title={DOLFINx: The next generation FEniCS problem solving environment},
  author={Barrata, Igor A and Dean, Joseph P and Dokken, J{\o}rgen S and HABERA, Michal and HALE, Jack and Richardson, Chris and Rognes, Marie E and Scroggs, Matthew W and Sime, Nathan and Wells, Garth N},
  year={2023}
}

@article{ketcheson2012pyclaw,
  title={PyClaw: Accessible, extensible, scalable tools for wave propagation problems},
  author={Ketcheson, David I and Mandli, Kyle and Ahmadia, Aron J and Alghamdi, Amal and de Luna, Manuel Quezada and Parsani, Matteo and Knepley, Matthew G and Emmett, Matthew},
  journal={SIAM Journal on Scientific Computing},
  volume={34},
  number={4},
  pages={C210--C231},
  year={2012},
  publisher={SIAM}
}

@article{zhang2014lattice,
  title={Lattice Boltzmann model for the volume-averaged Navier-Stokes equations},
  author={Zhang, Jinfeng and Wang, Limin and Ouyang, Jie},
  journal={Europhysics Letters},
  volume={107},
  number={2},
  pages={20001},
  year={2014},
  publisher={IOP Publishing}
}

@article{schlauch2013comparison,
  title={Comparison of three simulation methods for colloidal aggregates in Stokes flow: Finite elements, lattice Boltzmann and Stokesian dynamics},
  author={Schlauch, Eva and Ernst, Martin and Seto, Ryohei and Briesen, Heiko and Sommerfeld, Martin and Behr, Marek},
  journal={Computers \& Fluids},
  volume={86},
  pages={199--209},
  year={2013},
  publisher={Elsevier}
}

@inproceedings{ning2016upscaling,
  title={Upscaling in numerical simulation of shale transport properties by coupling molecular dynamics simulation with lattice Boltzmann method},
  author={Ning, Yang and He, Shuai and Liu, Honglin and Wang, Hongyan and Qin, Guan},
  booktitle={SPE/AAPG/SEG Unconventional Resources Technology Conference},
  pages={URTEC--2459219},
  year={2016},
  organization={URTec}
}
@article{chen2020lattice,
  title={A lattice Boltzmann study of the collisions in a particle-bubble system under turbulent flows},
  author={Chen, Songying and Chen, Xiaohang and Wan, Dongdong and Yi, Xuan and Sun, Xun and Ji, Li and Wang, Guichao},
  journal={Powder technology},
  volume={361},
  pages={759--768},
  year={2020},
  publisher={Elsevier}
}
@phdthesis{karimi2014cfd,
  title={CFD analysis of solid-liquid-gas interactions in flotation vessels},
  author={Karimi, Mohsen},
  year={2014},
  school={Stellenbosch: Stellenbosch University}
}
@article{michaux2018challenges,
  title={Challenges in predicting the role of water chemistry in flotation through simulation with an emphasis on the influence of electrolytes},
  author={Michaux, B and Rudolph, M and Reuter, MA},
  journal={Minerals Engineering},
  volume={125},
  pages={252--264},
  year={2018},
  publisher={Elsevier}
}
@inproceedings{oberkampf1994proposed,
  title={A proposed framework for computational fluid dynamics code calibration/validation},
  author={Oberkampf, William},
  booktitle={25th Plasmadynamics and Lasers Conference},
  pages={2540},
  year={1994}
}
